@misc{segal1995,
	Author = {Ben Segal},
	Howpublished = {CERN IT-PDP-TE},
	Title = {A Short History of Internet Protocols at CERN},
	Url = {http://ben.home.cern.ch/ben/TCPHIST.html},
	Urlaccessdate = {27.3.2018},
	Year = {1995},
	Month = {April}
}

@misc{bernerslee1992,
	Author = {Tim Berners-Lee},
	Howpublished = {W3C},
	Title = {WWW Project},
	Url = {http://www.w3.org/History/19921103-hypertext/hypertext/WWW/TheProject.html},
	Urlaccessdate = {27.3.2018},
	Day = {11},
	Year = {1992},
	Month = {March}
}

@book{kurose7th,
	Author = {James Kurose and Keith Ross},
	Publisher = {Pearson Education Limited},
	Title = {Computer Networking: A Top-Down Approach},
	Year = {2017}
}

@misc{wood2004document,
  title={Document Object Model (DOM) level 3 core specification},
  author={Wood, Lauren and Nicol, Gavin and Robie, Jonathan and Champion, Mike and Byrne, Steve},
  year={2004},
  publisher={W3C Recommendation}
}

@article{rfc1945,
  title={RFC 1945: Hypertext Transfer Protocol—HTTP/1.0, May 1996},
  author={Berners-Lee, Tim and Fielding, Roy and Frystyk, H},
  journal={Status: INFORMATIONAL},
  volume={61},
  year={1997}
}

@article{rfc2616,
  title={RFC 2616 Hypertext Transfer Protocol--HTTP/1.1},
  author={Network Working Group and others},
  journal={R. Fielding, J. Gettys, J. Mogul, H. Frystyk, L. Masinter, P. Leach, T. Berners-Lee},
  year={1999}
}

@article{rfc7540,
  title={RFC 7540},
  author={Belshe, Mike and Thomson, Martin and Peon, Roberto},
  journal={Hypertext transfer protocol version},
  volume={2},
  year={2015}
}

@book{html5majour,
	Author = {Mauricio Samy Silva},
	Publisher = {NOVATEC, Rio de Janeiro, Brasil},
	Title = {HTML 5-A Linguagem de Marca{\c{c}}{\~a}o que Revolucionou},
	Year = {2011}
}

@misc{mdn,
	Author = {Mozilla},
	Title = {Mozilla Developer Network},
	Url = {http://developer.mozilla.org/pt-BR/docs/Web/},
	Urlaccessdate = {28.3.2018},
	year={MDN}
}

@book{lie2005cascading,
  title={Cascading style sheets: designing for the Web},
  author={Lie, Hakon Wium and Bos, Bert},
  year={2005},
  publisher={Addison-Wesley Professional}
}

@misc{css4,
    Author = {Elika J. Etemad, Koji Ishii and Alan Stearns},
    Title = {CSS Text Module Level 4},
    Url = {http://www.w3.org/TR/css-text-4/},
    Urlaccessdate = {29.3.2018},
    year={2015}
}

@misc{ecma,
    Author = {ECMA®},
	Title = {Ecma International},
	Url = {http://www.ecma-international.org/},
	Urlaccessdate = {2.4.2018},
	year={Ecma International}
}

@article{specification1999standard,
  title={Standard ecma-262},
  author={Specification, ECMAScript Lanaguage},
  journal={ECMA Standardizing Information and Communication Systems},
  volume={3},
  year={1999}
}

@misc{jsoperatorprecedence,
	Author = {{Mozilla Developer Network}},
	Title = {Operator Precedence},
	Url = {http://developer.mozilla.org/en-US/docs/Web/JavaScript/Reference/Operators/Operator_Precedence},
	Urlaccessdate = {3.4.2018},
	Year={{MDN}}
}

@misc{ecma2019,
  Title = {ECMA-262 ECMAScript® 2019 Language Specification},
  Author = {Ecma, Standard},
  Url = {https://tc39.github.io/ecma262/},
  Year = {2019}
}

@article{garrett2005ajax,
  title={Ajax: A new approach to web applications},
  author={Garrett, Jesse James and others},
  year={2005}
}

@article{crockfordrfc,
  title={RFC 4627: The application/json media type for javascript object notation (json), July 2006},
  author={Crockford, Douglas},
  journal={Status: INFORMATIONAL},
  year={2006}
}

@article{rfc1952,
  title={RFC 1952: GZIP file format specification version 4.3, May 1996},
  author={Deutsch, L Peter},
  journal={Status: INFORMATIONAL},
  year={1996}
}






@manual{talbot2012,
	Author = {Nicola L.C. Talbot},
	Date-Added = {2013-03-11 12:06:04 +0000},
	Date-Modified = {2013-03-11 12:06:56 +0000},
	Month = {11},
	Title = {User Manual for glossaries.sty},
	Url = {http://mirrors.ctan.org/macros/latex/contrib/glossaries/glossaries-user.pdf},
	Urlaccessdate = {11.3.2013},
	Year = {2012},
	Bdsk-Url-1 = {http://mirrors.ctan.org/macros/latex/contrib/glossaries/glossaries-user.pdf}}


@mastersthesis{araujo2012,
	Address = {Bras{\'\i}lia},
	Author = {Lauro C{\'e}sar Araujo},
	Date-Added = {2013-01-09 11:04:42 +0000},
	Date-Modified = {2013-01-09 11:04:42 +0000},
	Month = {Mar{\c c}o},
	School = {Universidade de Bras{\'\i}lia},
	Subtitle = {uma perspectiva de Arquitetura da Informa{\c c}{\~a}o da Escola de Bras{\'\i}lia},
	Title = {Configura{\c c}{\~a}o},
	Year = {2012}}

@phdthesis{guizzardi2005,
	Address = {Enschede, The Netherlands},
	Author = {Giancarlo Guizzardi},
	Date-Added = {2012-04-23 11:35:28 +0000},
	Date-Modified = {2012-04-23 11:35:28 +0000},
	School = {Centre for Telematics and Information Technology, University of Twente},
	Title = {Ontological Foundations for Structural Conceptual Models},
	Url = {http://www.loa.istc.cnr.it/Guizzardi/SELMAS-CR.pdf},
	Urlaccessdate = {3.7.2011},
	Year = {2005},
	Bdsk-Url-1 = {http://www.loa.istc.cnr.it/Guizzardi/SELMAS-CR.pdf}}


@book{doxiadis1965,
	Author = {Constantinos A. Doxiadis},
	Date-Added = {2012-04-23 11:34:20 +0000},
	Date-Modified = {2012-04-23 11:34:20 +0000},
	Publisher = {Ceira - Coimbra},
	Title = {Arquitetura em Transi{\c c}{\~a}o},
	Year = {1965}
}

	
@article{fulano,
  title={Fulanologia aplicada à aq{\"u}icultura},
  author={Fulano, José da Silva},
  journal={Jaboticabal: Funep},
  year={1995}
}

